
@article{schulz2016,
	title = {The impact of fraudulent and irreproducible data to the translational research crisis {\textendash} solutions and implementation},
	author = {{Schulz}, {Jörg B.} and {Cookson}, {Mark R.} and {Hausmann}, {Laura}},
	year = {2016},
	date = {2016},
	journal = {Journal of Neurochemistry},
	pages = {253--270},
	volume = {139},
	number = {S2},
	doi = {10.1111/jnc.13844},
	url = {https://onlinelibrary.wiley.com/doi/abs/10.1111/jnc.13844},
	note = {{\_}eprint: https://onlinelibrary.wiley.com/doi/pdf/10.1111/jnc.13844}
}

@article{schulz2016,
	title = {The impact of fraudulent and irreproducible data to the translational research crisis {\textendash} solutions and implementation},
	author = {{Schulz}, {Jörg B.} and {Cookson}, {Mark R.} and {Hausmann}, {Laura}},
	year = {2016},
	date = {2016},
	journal = {Journal of Neurochemistry},
	pages = {253--270},
	volume = {139},
	number = {S2},
	doi = {10.1111/jnc.13844},
	url = {https://onlinelibrary.wiley.com/doi/abs/10.1111/jnc.13844},
	note = {{\_}eprint: https://onlinelibrary.wiley.com/doi/pdf/10.1111/jnc.13844}
}

@misc{whyisr,
	title = {Why is reproducing pharmaceutical medical research so hard?},
	url = {https://www.pharmaceutical-technology.com/features/why-is-it-so-hard-to-reproduce-medical-research-results/},
	langid = {australian}
}

@misc{Pharm-tech,
	title = {Why is reproducing pharmaceutical medical research so hard?},
	url = {https://www.pharmaceutical-technology.com/features/why-is-it-so-hard-to-reproduce-medical-research-results/},
	langid = {australian}
}

@article{schulz2016,
	title = {The impact of fraudulent and irreproducible data to the translational research crisis {\textendash} solutions and implementation},
	author = {{Schulz}, {Jörg B.} and {Cookson}, {Mark R.} and {Hausmann}, {Laura}},
	year = {2016},
	date = {2016},
	journal = {Journal of Neurochemistry},
	pages = {253--270},
	volume = {139},
	number = {S2},
	doi = {10.1111/jnc.13844},
	url = {https://onlinelibrary.wiley.com/doi/abs/10.1111/jnc.13844},
	note = {{\_}eprint: https://onlinelibrary.wiley.com/doi/pdf/10.1111/jnc.13844}
}

@misc{Git-reproducabilty,
	title = {Reproducibility Guide},
	url = {https://ropensci.github.io/reproducibility-guide/sections/introduction/}
}

@misc{science.org,
	title = {An incentive-based approach for improving data reproducibility},
	url = {https://www.science.org/doi/full/10.1126/scitranslmed.aaf5003}
}

@misc{Science.org,
	title = {An incentive-based approach for improving data reproducibility},
	url = {https://www.science.org/doi/full/10.1126/scitranslmed.aaf5003}
}

@article{
  gentleman2007a,
  title={Statistical Analyses and Reproducible Research},
  volume={16},
  DOI={10.1198/106186007X178663},
  number={1},
  journal={Journal of Computational and Graphical Statistics},
  publisher={Taylor},
  author={Gentleman, Robert and Lang, Duncan Temple},
  year={2007},
pages={1–23} }
